<?xml version="1.0" encoding="UTF-8"?><record xmlns="http://www.loc.gov/MARC21/slim" xmlns:cinclude="http://apache.org/cocoon/include/1.0" xmlns:zs="http://www.loc.gov/zing/srw/">
  <leader>00412nz  a2200121n  4500</leader>
  <controlfield tag="001">n 2006161585</controlfield>
  <controlfield tag="003">DLC</controlfield>
  <controlfield tag="005">20060322081508.0</controlfield>
  <controlfield tag="008">060322n| acannaabn          |n aaa      </controlfield>
  <datafield tag="010" ind1=" " ind2=" ">
    <subfield code="a">n 2006161585</subfield>
  </datafield>
  <datafield tag="040" ind1=" " ind2=" ">
    <subfield code="a">DLC</subfield>
    <subfield code="b">eng</subfield>
    <subfield code="c">DLC</subfield>
  </datafield>
  <datafield tag="100" ind1="1" ind2=" ">
    <subfield code="a">Reynolds, William A.</subfield>
  </datafield>
  <datafield tag="670" ind1=" " ind2=" ">
    <subfield code="a">NUCMC data from Historical Society of Delaware for Todd family correspondence, 1856-1870</subfield>
    <subfield code="b">(William A. Reynolds; teacher; m. Anne Todd, of Dover, Del.)</subfield>
  </datafield>
</record>